<?xml version="1.0" encoding="UTF-8"?>
<!DOCTYPE html PUBLIC "-//W3C//DTD XHTML 1.0 Transitional//EN"
    "http://www.w3.org/TR/xhtml1/DTD/xhtml1-transitional.dtd">
<html xmlns="http://www.w3.org/1999/xhtml" xml:lang="en" lang="en">
 <head>
  <title>
</title>
<meta http-equiv="Content-Type" content="text/html;charset=utf-8" />
  <meta name='ocr-system' content='tesseract 3.04.00' />
  <meta name='ocr-capabilities' content='ocr_page ocr_carea ocr_par ocr_line ocrx_word'/>
</head>
<body>
  <div class='ocr_page' id='page_1' title='image "./sacramystarumheb00serv_0168.png"; bbox 0 0 1242 2376; ppageno 0'>
   <div class='ocr_carea' id='block_1_1' title="bbox 201 55 888 121">
    <p class='ocr_par' dir='ltr' id='par_1_1' title="bbox 201 55 888 121">
     <span class='ocr_line' id='line_1_1' title="bbox 201 55 888 121; baseline 0.003 -2"><span class='ocrx_word' id='word_1_1' title='bbox 201 76 227 119; x_wconf 79' lang='grc' dir='ltr'><strong>ι</strong></span> <span class='ocrx_word' id='word_1_2' title='bbox 242 61 273 119; x_wconf 86' lang='grc'>6</span> <span class='ocrx_word' id='word_1_3' title='bbox 283 83 315 117; x_wconf 91' lang='lat'>0</span> <span class='ocrx_word' id='word_1_4' title='bbox 506 61 614 120; x_wconf 82' lang='lat' dir='ltr'>Die</span> <span class='ocrx_word' id='word_1_5' title='bbox 633 55 888 121; x_wconf 76' lang='lat' dir='ltr'><em>Sabbathz&#39;</em></span> 
     </span>
    </p>
   </div>
   <div class='ocr_carea' id='block_1_2' title="bbox 189 151 1133 319">
    <p class='ocr_par' dir='ltr' id='par_1_2' title="bbox 189 151 1133 319">
     <span class='ocr_line' id='line_1_2' title="bbox 191 151 1133 238; baseline -0.002 -20"><span class='ocrx_word' id='word_1_6' title='bbox 191 170 343 218; x_wconf 75' lang='lat' dir='ltr'><strong>trem</strong></span> <span class='ocrx_word' id='word_1_7' title='bbox 365 200 381 222; x_wconf 96' lang='lat'><em>,</em></span> <span class='ocrx_word' id='word_1_8' title='bbox 426 166 528 215; x_wconf 81' lang='lat' dir='ltr'>aut</span> <span class='ocrx_word' id='word_1_9' title='bbox 544 151 771 216; x_wconf 62' lang='lat' dir='ltr'>aliam&amp;</span> <span class='ocrx_word' id='word_1_10' title='bbox 802 159 898 216; x_wconf 82' lang='lat' dir='ltr'>SS.</span> <span class='ocrx_word' id='word_1_11' title='bbox 929 152 1133 238; x_wconf 75' lang='lat' dir='ltr'>Virgi-</span> 
     </span>
     <span class='ocr_line' id='line_1_3' title="bbox 189 236 1129 319; baseline -0.004 -19"><span class='ocrx_word' id='word_1_12' title='bbox 189 236 374 300; x_wconf 81' lang='lat' dir='ltr'>nibus</span> <span class='ocrx_word' id='word_1_13' title='bbox 393 241 711 298; x_wconf 84' lang='lat' dir='ltr'>Patronam</span> <span class='ocrx_word' id='word_1_14' title='bbox 726 279 742 306; x_wconf 87' lang='lat'>‚</span> <span class='ocrx_word' id='word_1_15' title='bbox 786 258 918 299; x_wconf 87' lang='lat' dir='ltr'>non</span> <span class='ocrx_word' id='word_1_16' title='bbox 939 236 1129 319; x_wconf 86' lang='lat' dir='ltr'><strong>adju·</strong></span> 
     </span>
    </p>
   </div>
   <div class='ocr_carea' id='block_1_3' title="bbox 186 319 1242 401">
    <p class='ocr_par' dir='ltr' id='par_1_3' title="bbox 186 319 1242 401">
     <span class='ocr_line' id='line_1_4' title="bbox 186 319 1242 401; baseline 0.002 -20"><span class='ocrx_word' id='word_1_17' title='bbox 186 319 464 389; x_wconf 82' lang='lat' dir='ltr'>dicium,</span> <span class='ocrx_word' id='word_1_18' title='bbox 509 334 612 381; x_wconf 82' lang='lat' dir='ltr'>aut</span> <span class='ocrx_word' id='word_1_19' title='bbox 642 322 928 401; x_wconf 81' lang='lat' dir='ltr'>laqueum</span> <span class='ocrx_word' id='word_1_20' title='bbox 962 366 980 390; x_wconf 92' lang='lat'><em>,</em></span> <span class='ocrx_word' id='word_1_21' title='bbox 1024 333 1130 384; x_wconf 83' lang='lat' dir='ltr'>aut</span> <span class='ocrx_word' id='word_1_22' title='bbox 1237 371 1242 396; x_wconf 40' lang='lat'>2</span> 
     </span>
    </p>
   </div>
   <div class='ocr_carea' id='block_1_4' title="bbox 26 401 1130 1880">
    <p class='ocr_par' dir='ltr' id='par_1_4' title="bbox 183 401 1129 1128">
     <span class='ocr_line' id='line_1_5' title="bbox 187 401 1127 486; baseline 0 -23"><span class='ocrx_word' id='word_1_23' title='bbox 187 402 461 486; x_wconf 78' lang='lat' dir='ltr'>gladium</span> <span class='ocrx_word' id='word_1_24' title='bbox 476 447 492 472; x_wconf 88' lang='lat'><em>,</em></span> <span class='ocrx_word' id='word_1_25' title='bbox 529 424 657 485; x_wconf 89' lang='lat' dir='ltr'>quo</span> <span class='ocrx_word' id='word_1_26' title='bbox 678 401 734 464; x_wconf 85' lang='lat' dir='ltr'>se</span> <span class='ocrx_word' id='word_1_27' title='bbox 746 402 1033 486; x_wconf 80' lang='lat' dir='ltr'>jugulant</span> <span class='ocrx_word' id='word_1_28' title='bbox 1051 402 1094 485; x_wconf 82' lang='lat' dir='ltr'>ij</span> <span class='ocrx_word' id='word_1_29' title='bbox 1111 448 1127 474; x_wconf 92' lang='lat'><strong><em>,</em></strong></span> 
     </span>
     <span class='ocr_line' id='line_1_6' title="bbox 187 483 1129 569; baseline 0.001 -22"><span class='ocrx_word' id='word_1_30' title='bbox 187 485 297 569; x_wconf 83' lang='lat' dir='ltr'>qui</span> <span class='ocrx_word' id='word_1_31' title='bbox 312 483 606 548; x_wconf 82' lang='lat' dir='ltr'><strong>accedunt</strong></span> <span class='ocrx_word' id='word_1_32' title='bbox 624 484 879 569; x_wconf 58' lang='lat' dir='ltr'>indign&amp;</span> <span class='ocrx_word' id='word_1_33' title='bbox 894 530 912 555; x_wconf 91' lang='lat'><em>,</em></span> <span class='ocrx_word' id='word_1_34' title='bbox 939 485 1040 550; x_wconf 85' lang='lat' dir='ltr'>sed</span> <span class='ocrx_word' id='word_1_35' title='bbox 1052 484 1129 548; x_wconf 84' lang='lat' dir='ltr'>ad</span> 
     </span>
     <span class='ocr_line' id='line_1_7' title="bbox 183 566 1128 649; baseline 0 -18"><span class='ocrx_word' id='word_1_36' title='bbox 183 566 607 649; x_wconf 80' lang='lat' dir='ltr'><strong>recipiendum</strong></span> <span class='ocrx_word' id='word_1_37' title='bbox 652 588 794 630; x_wconf 85' lang='lat' dir='ltr'>cum</span> <span class='ocrx_word' id='word_1_38' title='bbox 838 569 1128 631; x_wconf 80' lang='lat' dir='ltr'>Evchari-</span> 
     </span>
     <span class='ocr_line' id='line_1_8' title="bbox 187 650 1125 734; baseline 0.002 -22"><span class='ocrx_word' id='word_1_39' title='bbox 187 650 341 714; x_wconf 88' lang='lat' dir='ltr'>stico</span> <span class='ocrx_word' id='word_1_40' title='bbox 370 651 478 712; x_wconf 89' lang='lat' dir='ltr'>illo</span> <span class='ocrx_word' id='word_1_41' title='bbox 512 650 617 712; x_wconf 86' lang='lat' dir='ltr'>seu</span> <span class='ocrx_word' id='word_1_42' title='bbox 643 651 908 734; x_wconf 82' lang='lat' dir='ltr'>Pignore</span> <span class='ocrx_word' id='word_1_43' title='bbox 951 650 1125 714; x_wconf 83' lang='lat' dir='ltr'>viati-</span> 
     </span>
     <span class='ocr_line' id='line_1_9' title="bbox 189 733 1129 818; baseline 0.002 -21"><span class='ocrx_word' id='word_1_44' title='bbox 189 754 329 797; x_wconf 88' lang='lat' dir='ltr'>cum</span> <span class='ocrx_word' id='word_1_45' title='bbox 346 779 363 804; x_wconf 93' lang='lat'><em>,</em></span> <span class='ocrx_word' id='word_1_46' title='bbox 407 733 514 796; x_wconf 87' lang='lat' dir='ltr'>seu</span> <span class='ocrx_word' id='word_1_47' title='bbox 558 733 996 818; x_wconf 80' lang='lat' dir='ltr'>Chirographo</span> <span class='ocrx_word' id='word_1_48' title='bbox 1021 734 1129 799; x_wconf 86' lang='lat' dir='ltr'>de·</span> 
     </span>
     <span class='ocr_line' id='line_1_10' title="bbox 189 815 1127 886; baseline 0.002 -7"><span class='ocrx_word' id='word_1_49' title='bbox 189 832 421 880; x_wconf 86' lang='lat' dir='ltr'>cretum</span> <span class='ocrx_word' id='word_1_50' title='bbox 439 861 453 886; x_wconf 88' lang='lat'><strong>,</strong></span> <span class='ocrx_word' id='word_1_51' title='bbox 501 815 607 879; x_wconf 87' lang='lat' dir='ltr'>seu</span> <span class='ocrx_word' id='word_1_52' title='bbox 635 819 891 879; x_wconf 77' lang='lat' dir='ltr'>Calculo</span> <span class='ocrx_word' id='word_1_53' title='bbox 916 817 1127 882; x_wconf 81' lang='lat' dir='ltr'>suffra-</span> 
     </span>
     <span class='ocr_line' id='line_1_11' title="bbox 186 898 1129 984; baseline 0.005 -25"><span class='ocrx_word' id='word_1_54' title='bbox 186 899 390 984; x_wconf 87' lang='lat' dir='ltr'>gium,</span> <span class='ocrx_word' id='word_1_55' title='bbox 435 899 598 963; x_wconf 77' lang='lat' dir='ltr'>votis</span> <span class='ocrx_word' id='word_1_56' title='bbox 624 898 914 962; x_wconf 85' lang='lat' dir='ltr'>omnibus</span> <span class='ocrx_word' id='word_1_57' title='bbox 941 922 1129 984; x_wconf 79' lang='lat' dir='ltr'>expe-</span> 
     </span>
     <span class='ocr_line' id='line_1_12' title="bbox 187 981 1128 1054; baseline 0.001 -8"><span class='ocrx_word' id='word_1_58' title='bbox 187 981 473 1054; x_wconf 87' lang='lat' dir='ltr'>tendum,</span> <span class='ocrx_word' id='word_1_59' title='bbox 516 981 734 1046; x_wconf 80' lang='lat' dir='ltr'>talibus</span> <span class='ocrx_word' id='word_1_60' title='bbox 747 983 906 1047; x_wconf 81' lang='lat' dir='ltr'>hifce</span> <span class='ocrx_word' id='word_1_61' title='bbox 931 985 1128 1048; x_wconf 85' lang='lat' dir='ltr'><strong>verbis</strong></span> 
     </span>
     <span class='ocr_line' id='line_1_13' title="bbox 185 1065 448 1128; baseline 0 -1"><span class='ocrx_word' id='word_1_62' title='bbox 185 1065 448 1128; x_wconf 82' lang='lat' dir='ltr'>invitari.</span> 
     </span>
    </p>

    <p class='ocr_par' dir='ltr' id='par_1_5' title="bbox 27 1149 1130 1221">
     <span class='ocr_line' id='line_1_14' title="bbox 27 1149 1130 1221; baseline 0.007 -15"><span class='ocrx_word' id='word_1_63' title='bbox 27 1156 154 1221; x_wconf 76' lang='lat' dir='ltr'><em>Apoc.</em></span> <span class='ocrx_word' id='word_1_64' title='bbox 271 1159 395 1213; x_wconf 82' lang='lat' dir='ltr'><em>Ecce</em></span> <span class='ocrx_word' id='word_1_65' title='bbox 410 1155 561 1212; x_wconf 72' lang='lat' dir='ltr'><em>veni-u</em></span> <span class='ocrx_word' id='word_1_66' title='bbox 577 1149 676 1211; x_wconf 67' lang='lat' dir='ltr'>cit&amp;</span> <span class='ocrx_word' id='word_1_67' title='bbox 702 1196 718 1220; x_wconf 92' lang='lat'><em>,</em></span> <span class='ocrx_word' id='word_1_68' title='bbox 735 1151 796 1211; x_wconf 74' lang='lat'><em>&amp;</em></span> <span class='ocrx_word' id='word_1_69' title='bbox 817 1170 1004 1212; x_wconf 80' lang='lat' dir='ltr'><em>merces</em></span> <span class='ocrx_word' id='word_1_70' title='bbox 1017 1172 1130 1215; x_wconf 79' lang='lat' dir='ltr'>mea</span> 
     </span>
    </p>

    <p class='ocr_par' dir='ltr' id='par_1_6' title="bbox 26 1231 1127 1400">
     <span class='ocr_line' id='line_1_15' title="bbox 26 1231 1127 1321; baseline 0.005 -29"><span class='ocrx_word' id='word_1_71' title='bbox 26 1243 63 1292; x_wconf 64' lang='lat' dir='ltr'>f·</span> <span class='ocrx_word' id='word_1_72' title='bbox 88 1244 111 1273; x_wconf 83' lang='lat'><em>2</em></span> <span class='ocrx_word' id='word_1_73' title='bbox 123 1243 165 1275; x_wconf 87' lang='lat'>2·</span> <span class='ocrx_word' id='word_1_74' title='bbox 189 1254 384 1296; x_wconf 74' lang='lat' dir='ltr'><em>mecum</em></span> <span class='ocrx_word' id='word_1_75' title='bbox 401 1235 465 1310; x_wconf 79' lang='lat' dir='ltr'>eft</span> <span class='ocrx_word' id='word_1_76' title='bbox 479 1275 495 1302; x_wconf 89' lang='lat'><strong><em>,</em></strong></span> <span class='ocrx_word' id='word_1_77' title='bbox 539 1231 747 1295; x_wconf 76' lang='lat' dir='ltr'><em>reddere</em></span> <span class='ocrx_word' id='word_1_78' title='bbox 763 1239 1127 1321; x_wconf 73' lang='lat' dir='ltr'><em>unicuiquese-</em></span> 
     </span>
     <span class='ocr_line' id='line_1_16' title="bbox 187 1317 703 1400; baseline -0.01 -20"><span class='ocrx_word' id='word_1_79' title='bbox 187 1317 410 1381; x_wconf 79' lang='lat' dir='ltr'><em>cundum</em></span> <span class='ocrx_word' id='word_1_80' title='bbox 425 1318 703 1400; x_wconf 76' lang='lat' dir='ltr'><strong><em>operasua.</em></strong></span> 
     </span>
    </p>

    <p class='ocr_par' dir='ltr' id='par_1_7' title="bbox 186 1400 1130 1655">
     <span class='ocr_line' id='line_1_17' title="bbox 270 1400 1129 1486; baseline 0.003 -24"><span class='ocrx_word' id='word_1_81' title='bbox 270 1400 439 1463; x_wconf 90' lang='lat' dir='ltr'>Hinc</span> <span class='ocrx_word' id='word_1_82' title='bbox 457 1400 557 1481; x_wconf 84' lang='lat' dir='ltr'>spe</span> <span class='ocrx_word' id='word_1_83' title='bbox 573 1400 813 1469; x_wconf 82' lang='lat' dir='ltr'>firmus,</span> <span class='ocrx_word' id='word_1_84' title='bbox 833 1404 1129 1486; x_wconf 86' lang='lat' dir='ltr'>metuq&#39;ue</span> 
     </span>
     <span class='ocr_line' id='line_1_18' title="bbox 186 1481 1130 1568; baseline -0.002 -20"><span class='ocrx_word' id='word_1_85' title='bbox 186 1483 463 1568; x_wconf 81' lang='lat' dir='ltr'><strong>trepidus</strong></span> <span class='ocrx_word' id='word_1_86' title='bbox 479 1530 495 1554; x_wconf 96' lang='lat'><strong><em>,</em></strong></span> <span class='ocrx_word' id='word_1_87' title='bbox 518 1497 655 1565; x_wconf 81' lang='lat' dir='ltr'><strong>pete</strong></span> <span class='ocrx_word' id='word_1_88' title='bbox 674 1481 892 1545; x_wconf 80' lang='lat' dir='ltr'>sacram</span> <span class='ocrx_word' id='word_1_89' title='bbox 908 1481 1093 1546; x_wconf 84' lang='lat' dir='ltr'>aedem</span> <span class='ocrx_word' id='word_1_90' title='bbox 1111 1531 1130 1556; x_wconf 91' lang='lat'>,</span> 
     </span>
     <span class='ocr_line' id='line_1_19' title="bbox 186 1564 1129 1655; baseline -0.001 -22"><span class='ocrx_word' id='word_1_91' title='bbox 186 1569 399 1655; x_wconf 67' lang='lat' dir='ltr'>ibique</span> <span class='ocrx_word' id='word_1_92' title='bbox 442 1581 612 1628; x_wconf 80' lang='lat' dir='ltr'><strong>tuam</strong></span> <span class='ocrx_word' id='word_1_93' title='bbox 652 1566 819 1646; x_wconf 86' lang='lat' dir='ltr'>apud</span> <span class='ocrx_word' id='word_1_94' title='bbox 852 1564 1129 1647; x_wconf 86' lang='lat' dir='ltr'>Judicem</span> 
     </span>
    </p>

    <p class='ocr_par' dir='ltr' id='par_1_8' title="bbox 227 1649 1085 1880">
     <span class='ocr_line' id='line_1_20' title="bbox 227 1649 1085 1724; baseline -0.008 -7"><span class='ocrx_word' id='word_1_95' title='bbox 227 1649 706 1717; x_wconf 80' lang='lat' dir='ltr'>Evcharisticum</span> <span class='ocrx_word' id='word_1_96' title='bbox 736 1656 1085 1724; x_wconf 77' lang='lat' dir='ltr'>patronam,</span> 
     </span>
     <span class='ocr_line' id='line_1_21' title="bbox 309 1733 1010 1816; baseline 0 -18"><span class='ocrx_word' id='word_1_97' title='bbox 309 1734 389 1798; x_wconf 83' lang='lat' dir='ltr'>ita</span> <span class='ocrx_word' id='word_1_98' title='bbox 404 1733 662 1814; x_wconf 86' lang='lat' dir='ltr'><strong>supplex</strong></span> <span class='ocrx_word' id='word_1_99' title='bbox 683 1733 1010 1816; x_wconf 80' lang='lat' dir='ltr'>aggredere</span> 
     </span>
     <span class='ocr_line' id='line_1_22' title="bbox 474 1821 838 1880; baseline 0.003 -1"><span class='ocrx_word' id='word_1_100' title='bbox 474 1821 552 1879; x_wconf 89' lang='lat' dir='ltr'>M</span> <span class='ocrx_word' id='word_1_101' title='bbox 572 1840 605 1874; x_wconf 84' lang='lat' dir='ltr'><strong>A</strong></span> <span class='ocrx_word' id='word_1_102' title='bbox 623 1840 695 1878; x_wconf 71' lang='grc' dir='ltr'>Β]</span> <span class='ocrx_word' id='word_1_103' title='bbox 716 1839 755 1879; x_wconf 86' lang='grc' dir='ltr'><strong>Α</strong></span> <span class='ocrx_word' id='word_1_104' title='bbox 770 1840 838 1880; x_wconf 84' lang='grc' dir='ltr'>Μ.</span> 
     </span>
    </p>
   </div>
   <div class='ocr_carea' id='block_1_5' title="bbox 398 1983 1134 2215">
    <p class='ocr_par' dir='ltr' id='par_1_9' title="bbox 398 1983 1134 2215">
     <span class='ocr_line' id='line_1_23' title="bbox 398 1983 923 2068; baseline 0.006 -4"><span class='ocrx_word' id='word_1_105' title='bbox 398 1984 698 2068; x_wconf 53' lang='grc' dir='ltr'>*Ἀθζῢ</span> <span class='ocrx_word' id='word_1_106' title='bbox 725 1983 923 2067; x_wconf 50' lang='lat' dir='ltr'>&gt;W</span> 
     </span>
     <span class='ocr_line' id='line_1_24' title="bbox 997 2154 1134 2215; baseline 0 0"><span class='ocrx_word' id='word_1_107' title='bbox 997 2154 1134 2215; x_wconf 79' lang='lat' dir='ltr'>IN-</span> 
     </span>
    </p>
   </div>
   <div class='ocr_carea' id='block_1_6' title="bbox 642 2253 650 2297">
    <p class='ocr_par' dir='ltr' id='par_1_10' title="bbox 642 2253 650 2297">
     <span class='ocr_line' id='line_1_25' title="bbox 642 2253 650 2297; baseline 0 0"><span class='ocrx_word' id='word_1_108' title='bbox 642 2253 650 2297; x_wconf 73' lang='grc' dir='ltr'><strong>ἰ</strong></span> 
     </span>
    </p>
   </div>
  </div>
 </body>
</html>
