1242 2376
328 52 466 129 'Post
483 50 713 133 Mffilm.
890 66 1012 129 147

0 136 34 208 ita
100 146 227 210 nim
257 162 370 210 tuae
400 145 678 209 fecerunt
708 164 829 208 me.
868 144 1014 205 Ma-

0 246 37 289 ru·
63 253 182 294 nus
197 276 214 299 ,
229 228 479 312 inquam
494 272 508 297 ‚
524 227 656 298 illae,
679 249 813 311 quae
830 224 1012 288 clavis

3 306 35 373 bi<
63 316 247 376 affixae
284 312 421 373 sunt
469 326 582 392 pro
618 330 734 373 me.
823 313 1009 386 Opus

51 415 359 475 ⁵manuum
403 408 645 456 tuarum
689 413 768 455 ne
810 389 1010 471 despi-

0 475 23 534 xi
50 477 182 540 'cias
204 523 220 547 ‚
264 479 516 539 vulnera
547 495 846 539 manuum
873 488 1010 535 tua-

4 580 19 618 0
62 581 198 622 rum
219 557 712 641 precoraspiciaS.
762 563 919 618 Ecce
945 554 1013 616 in

64 640 344 705 manibus
359 640 479 704 tuis
497 639 852 723 descripsisti
880 659 1010 709 me,

65 728 198 807 lege
215 724 404 806 ipsam
424 723 794 805 scripturam,
819 730 872 785 ὅ(
895 720 1008 783 sal-

60 830 134 869 va
154 829 262 871 me.
303 814 400 868 En
424 806 498 869 ad
515 823 572 869 te
592 806 829 888 suspiro
850 825 1013 867 crea-

0 912 18 947 er
61 905 191 952 tura
214 905 353 952 tua:
390 893 643 951 Creator
664 911 728 952 es
750 935 767 959 ‚
813 907 1011 950 recrea

0 983 6 1027 ³
40 992 177 1034 «me.
264 978 360 1033 En
374 970 449 1034 ad
474 987 530 1035 te
556 975 749 1035 clamo
773 965 1009 1033 fastura

59 1069 195 1117 tua:
217 1055 359 1118 Vita
379 1075 472 1125 ες,
518 1055 758 1117 vivifica
771 1074 888 1117 me.
909 1059 1014 1118 En

0 1162 4 1194 ι
60 1136 133 1199 ad
157 1154 212 1200 te
236 1136 494 1218 respicio
519 1152 697 1201 tuum
730 1141 962 1221 plasma
987 1157 1006 1205 τ

59 1224 392 1283 plasmator
419 1242 483 1285 es
510 1268 529 1293 ‚
586 1221 847 1283 restaura
889 1241 1008 1284 me.

58 1308 152 1366 Da
182 1303 335 1365 mihi
356 1350 372 1373 ,
410 1326 517 1386 per
543 1299 771 1366 afflifia:
785 1305 1007 1368 Matris
1054 1290 1136 1341 III.

56 1387 346 1449 inte'erata
375 1387 595 1452 viscera
611 1434 629 1458 ,
651 1387 1008 1452 inimicitias

56 1471 161 1533 tua
178 1470 352 1532 causa
369 1470 517 1534 ferre
535 1517 554 1542 ‚
602 1471 1007 1556 captivosq'ue

53 1551 318 1623 visitare,
360 1570 430 1617 ut
458 1575 597 1617 curn
618 1556 1003 1638 apparueriS,
1029 1567 1147 1621 Ioanss

57 1633 390 1698 habeamus
416 1636 738 1709 fiduciam,
786 1645 840 1701 &
868 1660 1004 1702 non
1031 1640 1145 1706 epist.

55 1717 514 1782 confundamur
547 1723 576 1780 a
611 1735 670 1783 te
693 1722 755 1783 in
775 1719 1002 1786 adven·
1027 1728 1062 1760 ί·
1088 1731 1139 1762 2‘

51 1816 121 1864 tu
139 1816 263 1866 tuo,
355 1806 447 1865 Da
464 1804 717 1885 populis
735 1804 999 1869 infideli·
1051 1819 1126 1873 IV,

50 1882 167 1946 bus
197 1883 421 1966 Judaeis
448 1906 516 1949 ac
552 1886 819 1950 Barbaris
848 1910 1001 1954 verae

50 1967 196 2032 fidei
237 1974 447 2035 lumen
493 1970 849 2054 agnoscere,
895 1978 1003 2036 Sa-

52 2051 262 2138 crique
303 2052 682 2203 Baptisgatis
725 2052 1002 2120 fruE'tum

601 2162 637 2205 2
857 2160 1000 2222 per-
