1242 2376
354 81 472 158 Post
495 79 722 162 Miffitmss
953 101 977 154 3
994 98 1023 154 3

0 186 10 207 ⁸
80 175 270 238 natim
290 196 401 257 pro
430 175 728 237 beneficio
748 174 1027 238 Creatio-

0 270 7 282 '
83 259 179 319 nis
198 259 503 340 (Hz'cfnjiits
516 258 834 319 recolendum
850 304 866 327 ‚
889 265 1020 341 quis,

0 342 5 378 Γ
77 339 204 424 quid
220 384 234 409 ,
280 341 497 413 ubi&c.
529 351 577 400 te
600 347 801 402 crea-vit
827 348 1018 420 Deus)

0 434 6 449 '
77 443 192 503 pro
229 424 421 504 gloria
449 430 505 484 ὅ(
536 423 901 484 exaltatione
918 427 1018 485 SS.

0 515 4 532 '
79 508 463 586 Angelorum
488 524 554 565 ac
587 504 905 585 praesertim
943 503 1021 564 il-

0 606 2 614 *
76 585 231 657 lius,
276 608 458 669 quem
481 586 755 666 corporis
786 594 843 648 ὃς
882 585 1018 648 ani-

74 669 162 731 mi
177 670 296 732 mei
313 667 651 731 Custodem
671 714 688 738 ,
711 668 1017 748 plurium-

75 756 198 835 que
227 752 378 814 mihi
429 749 744 813 bonorum
785 751 1016 812 autho·-

73 855 200 897 rem
251 842 307 897 δ(
362 848 821 915 procuratorem
907 832 1016 896 de-

73 914 229 979 disti.

312 1005 508 1061 Suimet
527 997 760 1061 oblatio.

155 1080 481 1149 Tibivero,
512 1083 778 1143 Domine
801 1083 1016 1161 JESU,

74 1164 226 1248 quid
246 1166 493 1226 offeram
524 1186 636 1244 pro
663 1164 783 1226 tuis
817 1164 882 1224 in
915 1184 1014 1225 me

72 1247 299 1308 meritis
349 1251 676 1329 plusquam
703 1246 1014 1327 paternis?

71 1334 232 1391 Nam
273 1344 551 1409 parentes
596 1329 844 1412 quidem
883 1327 1013 1389 aliis
1033 1328 1161 1390 chry:

73 1410 224 1492 saepe
256 1412 414 1473 filios
438 1410 686 1473 tradunt
727 1410 977 1473 alendos
996 1454 1011 1480 ‚
1032 1399 1146 1448 hm·

71 1507 142 1555 tu
160 1510 359 1556 autem
388 1516 519 1555 non
549 1495 656 1563 ita,
687 1492 788 1556 sed
819 1493 1009 1555 carni·
1030 1469 1088 1582 αἴ
1109 1537 1156 1585 u·

72 1573 325 1638 bustuis
340 1599 459 1638 nos
475 1577 582 1637 alis
603 1622 618 1645 ‚
649 1583 704 1637 ὃ(
729 1557 1055 1657 temetip-P
1077 1555 1105 1604 P
1133 1572 1155 1599 ’”

71 1658 206 1720 sum
222 1657 403 1720 nobis
422 1682 494 1739 ap
501 1657 713 1739 poniS,
736 1680 854 1720 nos
874 1680 1013 1721 om-

71 1763 181 1803 nes
224 1743 554 1825 generosos
607 1738 721 1803 effe
774 1744 1009 1803 volens,
1101 1815 1110 1830 ·

70 1829 229 1886 Ecce
274 1823 579 1892 Domine,
621 1822 689 1884 in
721 1816 1150 1904 fimplici-1m1²·‘

71 1920 190 1968 tate
218 1907 416 1968 cordis
446 1907 564 1968 mei
589 1908 784 1969 offero
813 1906 1004 1987 meip·
1024 1885 1133 1997 [ΕΜ

70 1988 203 2050 sum
268 1986 374 2050 tibi
426 1988 612 2051 hodie
665 1989 730 2050 in
772 1988 1007 2052 servum
1026 2038 1062 2069 c
1076 1974 1128 2080 ζ·

71 2069 519 2154 sempiternum,
536 2071 601 2132 in
622 2070 1006 2157 obsequium,
1122 2086 1125 2087 ’
