1242 2376
203 40 283 105 86
501 40 607 97 Die
633 38 888 98 Mercurii

202 125 429 210 nisque
443 127 681 190 virtutis
701 121 1143 210 perfectionem
1205 129 1242 194 tie

193 207 266 269 in
302 211 361 272 se
405 210 858 274 demonstraret.
945 209 1140 270 Deni-

196 311 320 372 que
349 306 417 354 ut
443 314 684 355 morum
704 295 1028 373 exemplar,
1044 290 1135 353 vi·
1236 316 1241 324 ’

199 385 270 434 tae
315 375 722 463 Magistrum,
804 370 1133 436 san&itatis

195 475 402 517 omnis
419 461 956 538 complementum.
1000 460 1132 534 Jam

191 538 338 599 vero
387 560 499 620 pro
555 537 778 600 talibus
824 537 1131 621 tantisque

194 617 379 681 donis
400 620 543 691 tibi,
597 626 806 691 Diem,
860 618 1010 703 quid
1035 639 1129 681 re-

195 700 424 765 feram?
460 702 764 787 Equidem
806 721 1008 784 neque
1061 700 1128 762 in

194 787 402 855 Coelo,
429 805 630 870 neque
648 785 713 846 in
732 801 883 847 terra
899 781 1132 866 aliquid

191 865 478 956 invenio,
511 868 682 952 quod
709 871 804 929 vel
839 865 1088 949 dignius
1109 910 1128 936 ,

1207 235 1241 298 gi

1212 320 1241 360 n>

189 952 287 1012 vel
312 966 541 1030 gratius
578 948 688 1012 tibi
723 949 825 1019 fit,
869 962 975 1010 aut
1009 946 1125 1012 effe
1204 1011 1205 1016 ,

187 1038 390 1113 poffit,
433 1037 619 1115 quam
649 1029 1126 1115 unigenitusFi-

185 1113 304 1175 lius
345 1129 508 1177 tuus,
595 1118 775 1176 Illum
807 1134 956 1195 ergo
987 1115 1128 1174 Ma-

187 1195 442 1277 gistrum
461 1218 669 1260 meum
696 1190 1001 1258 Do&ores
1028 1196 1123 1257 in·

187 1293 309 1349 ter,
355 1278 422 1341 in
447 1283 679 1362 templo
713 1275 1085 1342 disserentem
1104 1317 1123 1346 ‚

183 1360 253 1422 in
272 1377 485 1425 monte
517 1362 873 1430 docentem,
909 1360 974 1421 in
1009 1363 1126 1420 Ur-

186 1441 261 1507 be
295 1444 749 1507 conversantem
773 1489 791 1513 ,
833 1441 899 1503 in
949 1441 1124 1522 pagis

186 1546 254 1589 ac
271 1526 419 1588 vicis
436 1525 969 1610 evangelizantem,
981 1523 1119 1585 ubi-

185 1629 308 1694 que
331 1608 516 1672 verbo
545 1616 600 1671 ὅ(
627 1610 911 1688 exemplo
930 1606 1122 1668 virtu-

185 1707 317 1755 tum
342 1705 636 1772 praecepta
659 1688 989 1753 tradentem
1028 1687 1122 1749 of-

182 1774 313 1837 fero
335 1796 447 1854 pro
466 1775 587 1836 tuis
601 1774 667 1834 in
686 1791 781 1833 me
797 1769 1125 1841 beneficiis,

181 1877 250 1919 ac
275 1856 582 1936 speciatim
621 1876 732 1936 pro
781 1853 1126 1916 Vocatione

183 1959 316 2001 mea
341 1938 416 2000 ad
455 1936 634 1999 fidem
681 1935 1083 1999 Christianam
1104 1980 1124 2007 ,

187 2035 372 2107 atque
408 2018 787 2086 Catholicam
813 2065 833 2093 ,
883 2018 958 2083 ad
1008 2022 1125 2108 So-

1006 2118 1128 2165 cle-
